@article{dijkstra,
  title={A note on two problems in connexion with graphs},
  author={Dijkstra, Edsger W},
  journal={Numerische mathematik},
  volume={1},
  number={1},
  pages={269--271},
  year={1959},
  publisher={Springer}
}
@article{nasheq,
  title={Equilibrium points in n-person games},
  author={Nash, John F},
  journal={Proceedings of the national academy of sciences},
  volume={36},
  number={1},
  pages={48--49},
  year={1950},
  publisher={USA}
}
@article{stackelberg,
  title={Stackelberg vs. Nash in security games: An extended investigation of interchangeability, equivalence, and uniqueness},
  author={Korzhyk, Dmytro and Yin, Zhengyu and Kiekintveld, Christopher and Conitzer, Vincent and Tambe, Milind},
  journal={Journal of Artificial Intelligence Research},
  year={2011}
}
@article{maxmustermann,
  author = {Mustermann, Max},
  title = {Mustermann on topics of interest},
  journal = {Journal of Mustermann},
  volume = 46,
  year = 1993,
  number = 2,
  pages = {35--53}
}

